@mastersthesis{ribeiroff2015,
abstract = {O presente trabalho {\'{e}} uma investiga{\c{c}}{\~{a}}o sobre a teoria e as aplica{\c{c}}{\~{o}}es dos sistemas generativos de projeto como ferramenta de aux{\'{i}}lio na tomada de decis{\~{o}}es para a concep{\c{c}}{\~{a}}o de formas na ind{\'{u}}stria da constru{\c{c}}{\~{a}}o civil. Adotando uma metodologia experimental, um conjunto de algoritmos foi proposto como instrumentos de concep{\c{c}}{\~{a}}o e desenho de um grupo de treli{\c{c}}as de suporte de uma cobertura tipo $\backslash$textit{\{}shed{\}}, inspiradas na obra do arquiteto Jo{\~{a}}o Filgueiras Lima (Lel{\'{e}}). Al{\'{e}}m da gera{\c{c}}{\~{a}}o de formas, o sistema conta com uma ferramenta de an{\'{a}}lise de estruturas, cuja modelagem foi baseada na Grafost{\'{a}}tica. Uma metodologia de trabalho e abordagem das quest{\~{o}}es relativas ao projeto arquitet{\^{o}}nico {\'{e}} proposta, e as contribui{\c{c}}{\~{o}}es deste m{\'{e}}todo para a concep{\c{c}}{\~{a}}o de elementos construtivos s{\~{a}}o avaliadas e discutidas.},
address = {Salvador, Ba, Brasil},
author = {Ribeiro, Fernando Ferraz},
file = {:C$\backslash$:/Users/ffrib/arquivos de trabalho/MCTI- trabalhos/DISSERTA{\c{C}}{\~{A}}O/copia artigos/Ribeiro, Moreira, Amorim - Sistema Generativo de Projeto Aplicado ao Desenho e Otimiza{\c{c}}{\~{a}}o da Estrutura de um Shed - 2015 - Unknown.pdf:pdf},
keywords = {Algoritmos Generativos,Arquitetura,Grafost{\'{a}}tica,Modelagem Param{\'{e}}trica,Sistemas Generativos de Projeto},
pages = {136},
school = {Senai Cimatec},
title = {{Sistema Generativo de Projeto Aplicado ao Desenho e Otimiza{\c{c}}{\~{a}}o da Estrutura de um Shed}},
type = {Disserta{\c{c}}{\~{a}}o},
url = {https://255ribeiro.github.io/Mestrado/},
year = {2015}
}
